<record><leader>00000cas a22000007a 4500</leader><controlfield tag="001">27014819</controlfield><controlfield tag="008">921123d18791884nyuwr ne      0    0eng d</controlfield><datafield ind1=" " ind2=" " tag="010"><subfield code="a">sn 92061912 </subfield></datafield><datafield ind1=" " ind2=" " tag="040"><subfield code="a">NYS</subfield><subfield code="b">eng</subfield><subfield code="c">NYS</subfield><subfield code="d">OCLCQ</subfield><subfield code="d">OCLCF</subfield><subfield code="d">OCLCO</subfield></datafield><datafield ind1=" " ind2=" " tag="042"><subfield code="a">msc</subfield></datafield><datafield ind1=" " ind2=" " tag="043"><subfield code="a">n-us-ny</subfield></datafield><datafield ind1="0" ind2="4" tag="245"><subfield code="a">The Elizabethtown post and gazette.</subfield></datafield><datafield ind1="1" ind2="3" tag="246"><subfield code="a">Post and gazette</subfield></datafield><datafield ind1="1" ind2="3" tag="246"><subfield code="a">Post &amp; gazette</subfield></datafield><datafield ind1=" " ind2=" " tag="260"><subfield code="a">Elizabethtown, N.Y. :</subfield><subfield code="b">A.C.H. Livingston,</subfield><subfield code="c">1879-1884.</subfield></datafield><datafield ind1=" " ind2=" " tag="300"><subfield code="a">6 v. :</subfield><subfield code="b">ill.</subfield></datafield><datafield ind1=" " ind2=" " tag="310"><subfield code="a">Weekly</subfield></datafield><datafield ind1="0" ind2=" " tag="362"><subfield code="a">Vol. 3, no. 20 (Jan. 2, 1879)-v. 4, no. 44 (June 17, 1880) ; vol. 28, no. 45 (June 24, 1880)-v. 32, no. 27 (Feb. 14, 1884).</subfield></datafield><datafield ind1=" " ind2=" " tag="500"><subfield code="a">Published on Thursday.</subfield></datafield><datafield ind1=" " ind2="0" tag="651"><subfield code="a">Elizabethtown (N.Y.)</subfield><subfield code="v">Newspapers.</subfield></datafield><datafield ind1=" " ind2="0" tag="651"><subfield code="a">Essex County (N.Y.)</subfield><subfield code="v">Newspapers.</subfield></datafield><datafield ind1=" " ind2="7" tag="655"><subfield code="a">Newspapers.</subfield><subfield code="2">fast</subfield><subfield code="0">(OCoLC)fst01423814</subfield></datafield><datafield ind1=" " ind2="7" tag="651"><subfield code="a">New York (State)</subfield><subfield code="z">Elizabethtown.</subfield><subfield code="2">fast</subfield><subfield code="0">(OCoLC)fst01273915</subfield></datafield><datafield ind1=" " ind2="7" tag="651"><subfield code="a">New York (State)</subfield><subfield code="z">Essex County.</subfield><subfield code="2">fast</subfield><subfield code="0">(OCoLC)fst01208119</subfield></datafield><datafield ind1=" " ind2=" " tag="752"><subfield code="a">United States</subfield><subfield code="b">New York</subfield><subfield code="c">Essex</subfield><subfield code="d">Elizabethtown.</subfield></datafield><datafield ind1="0" ind2="0" tag="780"><subfield code="t">Post and gazette</subfield><subfield code="w">(DLC)sn 92061914</subfield><subfield code="w">(OCoLC)27015718</subfield></datafield><datafield ind1="0" ind2="0" tag="785"><subfield code="t">Elizabethtown post (Elizabethtown, N.Y. : 1884)</subfield><subfield code="w">(DLC)sn 92061913</subfield><subfield code="w">(OCoLC)27014820</subfield></datafield></record>